 
@MISC {petrunin-2018,
    TITLE = {A problem on Gauss--Bonnet formula},
    AUTHOR = {Petrunin, A.},
    HOWPUBLISHED = {MathOverflow},
    EPRINT = {https://mathoverflow.net/q/315182},
    %URL = {https://mathoverflow.net/q/315182}
}

@book {petrunin-zamora,
      title={What is differential geometry: curves and surfaces}, 
      author={Petrunin, A. and Zamora Barrera, S.},
      year={2020}
}

@article {angenent,
    AUTHOR = {Angenent, S.},
     TITLE = {Curve shortening and the topology of closed geodesics on
              surfaces},
   JOURNAL = {Ann. of Math. (2)},
  FJOURNAL = {Annals of Mathematics. Second Series},
    VOLUME = {162},
      YEAR = {2005},
    NUMBER = {3},
     PAGES = {1187--1241},
      ISSN = {0003-486X},
   MRCLASS = {53C44 (53C22 58E10)},
  MRNUMBER = {2179729},
MRREVIEWER = {David A. Glickenstein},
       DOI = {10.4007/annals.2005.162.1187},
       URL = {https://doi.org/10.4007/annals.2005.162.1187},
}
